@online{AmritaUniversity,
ALTauthor = {Amrita.edu},
ALTeditor = {editor},
title = {Predator - Prey Dynamics - Rats and Snakes (Lotka Volterra Simulation)},
date = {20/10/2016},
url = {http://vlab.amrita.edu/?sub=3&brch=67&sim=185&cnt=1},
OPTsubtitle = {subtitle},
OPTtitleaddon = {titleaddon},
OPTlanguage = {language},
OPTversion = {version},
OPTnote = {note},
OPTorganization = {Amrita University},
OPTdate = {date},
OPTmonth = {month},
OPTyear = {year},
OPTaddendum = {addendum},
OPTpubstate = {pubstate},
OPTurldate = {urldate},
}

@online{Mathnathan,
ALTauthor = {Nathan Crook},
ALTeditor = {editor},
title = {Predator-Prey Model},
date = {20/10/2016},
url = {http://mathnathan.com/2010/12/predator-prey-model/},
OPTsubtitle = {subtitle},
OPTtitleaddon = {titleaddon},
OPTlanguage = {language},
OPTversion = {version},
OPTnote = {note},
OPTorganization = {organization},
OPTdate = {date},
OPTmonth = {month},
OPTyear = {year},
OPTaddendum = {addendum},
OPTpubstate = {pubstate},
OPTurldate = {urldate},
}


@online{matplotlib-examples,
ALTauthor = {},
ALTeditor = {editor},
title = {},
date = {15/10/2016},
url = {http://matplotlib.org/examples/},
OPTsubtitle = {subtitle},
OPTtitleaddon = {titleaddon},
OPTlanguage = {language},
OPTversion = {version},
OPTnote = {note},
OPTorganization = {},
OPTdate = {date},
OPTmonth = {month},
OPTyear = {year},
OPTaddendum = {addendum},
OPTpubstate = {pubstate},
OPTurldate = {urldate},
}
